% $Id$

@unpublished{SR01,
	author = {Wojciech Domski},
	title = {{Sterowniki robotów, Laboratorium -- Wprowadzenie, Wykorzystanie narzędzi STM32CubeMX oraz SW4STM32 do budowy programu mrugającej diody z obsługą przycisku}},
	OPTnote = {\url{http://edu.domski.pl}},
	month = {Marzec},
	year = 2017,
}

@manual{man,
	title = {LSM303C --  Ultra--compact high--performance eCompass module:
3D accelerometer and 3D magnetometer},
	month = {Czerwiec},
	year = {2014},
}

@manual{manual,
	title = {{User manual - Getting started with STM32L476G discovery kit software development tools}},
	month = {Sierpień},
	year = 2015,
}

@manual{manual2, 
	title = {{UM1928 User manual - Getting started with STM32L476G discovery kit software development tools}},
	month = {Wrzesień},
	year = {2018},
}

@article{Jakarta,
	author = {Suryadiputra Liawatimena, Jimmy Linggarjati}, 
	title = {{Vehicle Tracker wih a GPS and Accelerometer Sensor System in Jakarta}}, 
	journal = {Internetworking Indonesia Journal}, 
	month = {Styczeń},	
	year = {2017},
}

@article{MEMS, 
	author ={{Marius Bazu, Lucian Galateanu, Virgil Emil Ilian, Jerome Loicq, Serge Habraken, Jean-Paul Collette}}, 
	title = {Quantitative Accelerated Life Testing of MEMS Accelerometers},
	journal = {Sensors},
	month = {Listopad},
	year = {2007},
}














